% Fundamentos estadistica

@book{montgomery1996,
	author = {Montgomery, Douglas C. and Hines, William W.},
	title = {Probabilidad y estadística para ingeniería y administración},
	publisher = {Limusa},
	year = {1996}
}

% Referencias de Ambientes de Aprendizaje

@misc{uis2009,
	author = {{Universidad Industrial de Santander}},
	title = {Política Institucional de Tecnologías de la Información y la Comunicación},
	year = {2009},
	note = {Acuerdo del Consejo Superior No. 051 de 2009. Recuperado de \url{https://uis.edu.co/wp-content/uploads/2022/06/2009PoliticaTICAcCS051.pdf}},
	url = {https://uis.edu.co/wp-content/uploads/2022/06/2009PoliticaTICAcCS051.pdf},
	urldate = {2023-10-01}
}

@article{diazbarriga2003,
	author = {Díaz-Barriga, Frida},
	title = {Cognición situada y estrategias para el aprendizaje significativo},
	journal = {Revista Electrónica de Investigación Educativa},
	year = {2003},
	volume = {5},
	number = {2},
	pages = {1--13}
}

@article{castro2019,
	author = {Castro, María Camila},
	title = {Ambientes de aprendizaje},
	journal = {Sophia},
	year = {2019},
	volume = {15},
	number = {2},
	pages = {123--134},
	url = {https://revistas.ugca.edu.co/index.php/sophia/article/view/827/1473}
}


@article{marques2000,
	author = {Marqués, Pere},
	title = {Impacto de las TIC en la enseñanza universitaria},
	journal = {Revista de Universidad y Sociedad del Conocimiento},
	year = {2000},
	volume = {1},
	number = {1},
	pages = {1--12}
}

@article{salinas2004,
	author = {Salinas, Jesús},
	title = {Innovación docente y uso de las TIC en la enseñanza universitaria},
	journal = {Revista de Universidad y Sociedad del Conocimiento},
	year = {2004},
	volume = {1},
	number = {1},
	pages = {1--16},
	url = {https://rusc.uoc.edu/rusc/ca/index.php/rusc/article/view/v1n1-salinas.html}
}

@article{cabero2006,
	author = {Cabero, Julio},
	title = {Bases pedagógicas del e-learning},
	journal = {Revista de Universidad y Sociedad del Conocimiento},
	year = {2006},
	volume = {3},
	number = {1},
	pages = {1--10},
	url = {https://rusc.uoc.edu/rusc/ca/index.php/rusc/article/view/v3n1-cabero.html}
}

@inproceedings{dougiamas2003,
	author = {Dougiamas, Martin and Taylor, Peter},
	title = {Moodle: Using learning communities to create an open source course management system},
	booktitle = {World Conference on Educational Multimedia, Hypermedia and Telecommunications},
	year = {2003},
	volume = {2003},
	number = {1},
	pages = {171--178}
}

% Referencias de Tecnologías
@article{tilkov2010,
	author = {Tilkov, Stefan and Vinoski, Steve},
	title = {Node.js: Using JavaScript to build high-performance network programs},
	journal = {IEEE Internet Computing},
	year = {2010},
	volume = {14},
	number = {6},
	pages = {80--83},
	doi = {10.1109/MIC.2010.145}
}

@book{brown2019,
	author = {Brown, Ethan},
	title = {Web Development with Node and Express: Leveraging the JavaScript Stack},
	publisher = {O'Reilly Media},
	year = {2019}
}

@book{banks2017,
	author = {Banks, Alex and Porcello, Eve},
	title = {Learning React: A Hands-On Guide to Building Web Applications Using React and Redux},
	publisher = {O'Reilly Media},
	year = {2017}
}

@article{codd1970,
	author = {Codd, Edgar F.},
	title = {A relational model of data for large shared data banks},
	journal = {Communications of the ACM},
	year = {1970},
	volume = {13},
	number = {6},
	pages = {377--387},
	doi = {10.1145/362384.362685}
}

@article{merkel2014,
	author = {Merkel, Dirk},
	title = {Docker: lightweight Linux containers for consistent development and deployment},
	journal = {Linux Journal},
	year = {2014},
	volume = {2014},
	number = {239},
	pages = {2}
}


@book{mckinney2017,
	author = {McKinney, Wes},
	title = {Python for Data Analysis: Data Wrangling with Pandas, NumPy, and IPython},
	publisher = {O'Reilly Media},
	year = {2017}
}

@manual{rcoreteam2023,
	author = {{R Core Team}},
	title = {R: A Language and Environment for Statistical Computing},
	organization = {R Foundation for Statistical Computing},
	year = {2023},
	url = {https://www.r-project.org/}
}

@book{bisong2019,
	author = {Bisong, Ekaba},
	title = {Building Machine Learning and Deep Learning Models on Google Cloud Platform: A Comprehensive Guide for Beginners},
	publisher = {Apress},
	year = {2019}
}

@article{kurnia2001,
	author = {Kurnia, Andy and Lim, Andrew and Cheang, Brenda},
	title = {Online judge},
	journal = {Computers \& Education},
	year = {2001},
	volume = {36},
	number = {4},
	pages = {299--315},
	doi = {10.1016/S0360-1315(01)00013-4}
}


@book{cantelon2014,
	author = {Cantelon, Mike and Harter, Michael and Holowaychuk, TJ and Rajlich, Nathan},
	title = {Node.js in Action},
	publisher = {Manning Publications},
	year = {2014}
}

@online{facebook2013,
	author = {Facebook},
	title = {Introducing React},
	year = {2013},
	url = {https://react.dev},
	urldate = {2023-11-15},
	organization = {React Blog}
}

@book{griffith2021,
	author = {Griffith, Michele},
	title = {React 17 Design Patterns and Best Practices},
	publisher = {Packt Publishing},
	year = {2021}
}

@online{widenius2016,
	author = {Widenius, Michael and Axmark, David and Arno, Kenneth},
	title = {MariaDB and MySQL: Commonly Asked Questions},
	year = {2016},
	url = {https://mariadb.org},
	urldate = {2023-11-15},
	organization = {MariaDB Foundation}
}

@book{dubois2013,
	author = {DuBois, Paul},
	title = {MySQL Cookbook},
	publisher = {O'Reilly Media},
	year = {2013}
}

@article{boettiger2015,
	author = {Boettiger, Carl},
	title = {An introduction to Docker for reproducible research},
	journal = {ACM SIGOPS Operating Systems Review},
	year = {2015},
	volume = {49},
	number = {1},
	pages = {71--79}
}

@book{turnbull2014,
	author = {Turnbull, James},
	title = {The Docker Book: Containerization is the new virtualization},
	publisher = {James Turnbull},
	year = {2014}
}

% Estado del arte

@article{alhaddad2024,
  author = {Al-Haddad, S.},
  year = {2024},
  title = {Teaching statistics: A technology-enhanced supportive learning environment},
  journal = {Teaching Statistics},
  volume = {46},
  number = {1},
  pages = {1--12},
  doi = {10.1080/26939169.2024.2315939}
}

@book{banks2017,
  author = {Banks, A. and Porcello, E.},
  year = {2017},
  title = {Learning React: Functional Web Development with React and Redux},
  publisher = {O’Reilly Media}
}

@article{blank2017,
  author = {Blank, D. and Bourgin, D. and Brown, A. and Bussonnier, M. and Frederic, J. and Granger, B. and Willing, C.},
  year = {2017},
  title = {nbgrader: A tool for creating and grading assignments in the Jupyter Notebook},
  journal = {Journal of Open Source Education},
  volume = {2},
  number = {11},
  pages = {32},
  doi = {10.21105/jose.00032}
}

@book{brown2019,
  author = {Brown, A.},
  year = {2019},
  title = {Full-Stack React Projects},
  publisher = {Packt Publishing}
}

@article{goh2025,
  author = {Goh, T.-T.},
  year = {2025},
  title = {Learning management system log analytics: The role of persistence and consistency of engagement behaviour on academic success},
  journal = {Journal of Computers in Education},
  volume = {12},
  number = {1},
  pages = {45--62},
  doi = {10.1007/s40692-025-00358-x}
}

@inproceedings{gu2022,
  author = {Gu, H.},
  year = {2022},
  title = {Research on online teaching platform system based on microservice architecture},
  booktitle = {MATEC Web of Conferences},
  volume = {355},
  pages = {03058},
  doi = {10.1051/matecconf/202235503058}
}

@article{merkel2014,
  author = {Merkel, D.},
  year = {2014},
  title = {Docker: Lightweight Linux containers for consistent development and deployment},
  journal = {Linux Journal},
  volume = {2014},
  number = {239},
  pages = {2}
}

@article{mostefai2025,
  author = {Mostefai, B.},
  year = {2025},
  title = {Enhancing user experience in e-learning systems: A new user-centric design approach},
  journal = {Education and Information Technologies},
  volume = {30},
  number = {2},
  pages = {567--582},
  doi = {10.1016/j.edurev.2025.100239}
}

@article{ndibalema2025,
  author = {Ndibalema, P.},
  year = {2025},
  title = {Perspectives on the use of learning management systems in higher learning institutions: Challenges and opportunities},
  journal = {International Journal of Educational Technology in Higher Education},
  volume = {22},
  number = {1},
  pages = {191},
  doi = {10.1016/j.ijedtech.2025.191}
}

@article{pacheco2025,
  author = {Pacheco, A.},
  year = {2025},
  title = {Impact of digitization on educational management: Results from student and teacher surveys},
  journal = {Computers \& Education},
  volume = {215},
  pages = {105007},
  doi = {10.1016/j.compedu.2025.105007}
}


%////////////////////////////////////